@inproceedings{mnih2007probabilistic,
  title={Probabilistic matrix factorization},
  author={Mnih, Andriy and Salakhutdinov, Ruslan},
  booktitle={Advances in neural information processing systems},
  pages={1257--1264},
  year={2007}
}

@inproceedings{marlin2009collaborative,
  title={Collaborative prediction and ranking with non-random missing data},
  author={Marlin, Benjamin M and Zemel, Richard S},
  booktitle={Proceedings of the third ACM conference on Recommender systems (RecSys-09)},
  pages={5--12},
  year={2009},
}

@inproceedings{hernandez2014probabilistic,	
  title={Probabilistic matrix factorization with non-random missing data},
  author={Hernandez-lobato, Jose M and Houlsby, Neil and Ghahramani, Zoubin},
  booktitle={Proceedings of the 31st International Conference on Machine Learning (ICML-14)},
  pages={1512--1520},
  year={2014}
}

@inproceedings{steck2010training,
  title={Training and testing of recommender systems on data missing not at random},
  author={Steck, Harald},
  booktitle={Proceedings of the 16th ACM SIGKDD international conference on Knowledge discovery and data mining (KDD-10)},
  pages={713--722},
  year={2010},
}

@inproceedings{pan2012transfer,
  title={Transfer Learning in Collaborative Filtering with Uncertain Ratings.},
  author={Pan, Weike and Xiang, Evan Wei and Yang, Qiang},
  booktitle={Proceedings of the 26th AAAI Conference on Artificial Intelligence (AAAI-12)},
  year={2012}
}

@inproceedings{sohn2013learning,
  title={Learning and selecting features jointly with point-wise gated {B}oltzmann machines},
  author={Sohn, Kihyuk and Zhou, Guanyu and Lee, Chansoo and Lee, Honglak},
  booktitle={Proceedings of The 30th International Conference on Machine Learning (ICML-13)},
  pages={217--225},
  year={2013}
}

@inproceedings{gregor2015draw,
  title={{DRAW}: A recurrent neural network for image generation},
  author={Gregor, Karol and Danihelka, Ivo and Graves, Alex and Wierstra, Daan},
  booktitle={Proceedings of The 32th International Conference on Machine Learning (ICML-15)},
  year={2015}
}

@inproceedings{xu2015show,
  title={Show, attend and tell: Neural image caption generation with visual attention},
  author={Xu, Kelvin and Ba, Jimmy and Kiros, Ryan and Courville, Aaron and Salakhutdinov, Ruslan and Zemel, Richard and Bengio, Yoshua},
  booktitle={Proceedings of The 32th International Conference on Machine Learning (ICML-15)},
  year={2015}
}


@incollection{miyahara2000collaborative,
  title={Collaborative filtering with the simple Bayesian classifier},
  author={Miyahara, Koji and Pazzani, Michael J},
  booktitle={PRICAI 2000 Topics in Artificial Intelligence},
  pages={679--689},
  year={2000},
  publisher={Springer}
}

@inproceedings{srebro2004maximum,
  title={Maximum-margin matrix factorization},
  author={Srebro, Nathan and Rennie, Jason and Jaakkola, Tommi S},
  booktitle={Advances in neural information processing systems},
  pages={1329--1336},
  year={2004}
}

@inproceedings{rendle2012learning,
  title={Learning recommender systems with adaptive regularization},
  author={Rendle, Steffen},
  booktitle={Proceedings of the 5th ACM international conference on Web search and data mining (WSDM-12)},
  pages={133--142},
  year={2012},
}

@inproceedings{rendle2010factorization,
  title={Factorization machines},
  author={Rendle, Steffen},
  booktitle={2010 IEEE 10th International Conference on Data Mining (ICDM-10)},
  pages={995--1000},
  year={2010},
}

@inproceedings{nakajima2010implicit,
  title={Implicit regularization in variational Bayesian matrix factorization},
  author={Nakajima, Shinichi and Sugiyama, Masashi},
  booktitle={Proceedings of the 27th International Conference on Machine Learning (ICML-10)},
  pages={815--822},
  year={2010}
}

@INPROCEEDINGS{marlin2012collaborative,
    author = {Benjamin M. Marlin and Richard S. Zemel and Sam Roweis and Malcolm Slaney},
    title = {Collaborative filtering and the missing at random assumption},
    booktitle = {In Proceedings of the 23rd Conference on Uncertainty in Artificial Intelligence (UAI-07)},
    year = {2007}
}

@article{hofmann2004latent,
  title={Latent semantic models for collaborative filtering},
  author={Hofmann, Thomas},
  journal={ACM Transactions on Information Systems (TOIS)},
  volume={22},
  number={1},
  pages={89--115},
  year={2004},
  publisher={ACM}
}

@inproceedings{koren2008factorization,
  title={Factorization meets the neighborhood: a multifaceted collaborative filtering model},
  author={Koren, Yehuda},
  booktitle={Proceedings of the 14th ACM SIGKDD international conference on Knowledge discovery and data mining (KDD-08)},
  pages={426--434},
  year={2008},
}

@inproceedings{ma2008sorec,
  title={Sorec: social recommendation using probabilistic matrix factorization},
  author={Ma, Hao and Yang, Haixuan and Lyu, Michael R and King, Irwin},
  booktitle={Proceedings of the 17th ACM conference on Information and knowledge management (CIKM-08)},
  pages={931--940},
  year={2008},
}

@article{koren2010collaborative,
  title={Collaborative filtering with temporal dynamics},
  author={Koren, Yehuda},
  journal={Communications of the ACM},
  volume={53},
  number={4},
  pages={89--97},
  year={2010},
  publisher={ACM}
}

@inproceedings{salakhutdinov2008bayesian,
  title={Bayesian probabilistic matrix factorization using {M}arkov chain {M}onte {C}arlo},
  author={Salakhutdinov, Ruslan and Mnih, Andriy},
  booktitle={Proceedings of the 25th international conference on Machine learning (ICML-08)},
  pages={880--887},
  year={2008},
}

@book{davenport2013attention,
  title={The attention economy: Understanding the new currency of business},
  author={Davenport, Thomas H and Beck, John C},
  year={2001},
  publisher={Harvard Business Press}
}

@inproceedings{mcauley2013amateurs,
  title={From amateurs to connoisseurs: modeling the evolution of user expertise through online reviews},
  author={McAuley, Julian John and Leskovec, Jure},
  booktitle={Proceedings of the 22nd international conference on World Wide Web (WWW-13)},
  pages={897--908},
  year={2013},
}

@inproceedings{anderson2014dynamics,
  title={The dynamics of repeat consumption},
  author={Anderson, Ashton and Kumar, Ravi and Tomkins, Andrew and Vassilvitskii, Sergei},
  booktitle={Proceedings of the 23rd international conference on World wide web (WWW-14)},
  pages={419--430},
  year={2014},
}

@article{kahnx1997patterns,
  title={Patterns of hedonic consumption over time},
  author={Kahnx, Barbara and Ratner, Rebecca and Kahneman, Daniel},
  journal={Marketing Letters},
  volume={8},
  number={1},
  pages={85--96},
  year={1997},
  publisher={Springer}
}

@article{little1988test,
  title={A test of missing completely at random for multivariate data with missing values},
  author={Little, Roderick JA},
  journal={Journal of the American Statistical Association},
  volume={83},
  number={404},
  pages={1198--1202},
  year={1988},
  publisher={Taylor \& Francis}
}

@inproceedings{lakshminarayanan2011robust,
  title={Robust Bayesian matrix factorisation},
  author={Lakshminarayanan, Balaji and Bouchard, Guillaume and Archambeau, Cedric},
  booktitle={International Conference on Artificial Intelligence and Statistics (AISTATS-11)},
  pages={425--433},
  year={2011}
}

@article{rensink2000dynamic,
  title={The dynamic representation of scenes},
  author={Rensink, Ronald A},
  journal={Visual cognition},
  volume={7},
  number={1-3},
  pages={17--42},
  year={2000},
  publisher={Taylor \& Francis}
}

@article{corbetta2002control,
  title={Control of goal-directed and stimulus-driven attention in the brain},
  author={Corbetta, Maurizio and Shulman, Gordon L},
  journal={Nature reviews neuroscience},
  volume={3},
  number={3},
  pages={201--215},
  year={2002},
  publisher={Nature Publishing Group}
}

@conference{Dooms13crowdrec, author = {Dooms, Simon and De Pessemier, Toon and Martens, Luc}, title = {MovieTweetings: a Movie Rating Dataset Collected From {T}witter}, booktitle = {Workshop on Crowdsourcing and Human Computation for Recommender Systems, CrowdRec at RecSys 2013}, year = {2013} }

@inproceedings{ma2011recommender,
  title={Recommender systems with social regularization},
  author={Ma, Hao and Zhou, Dengyong and Liu, Chao and Lyu, Michael R and King, Irwin},
  booktitle={Proceedings of the fourth ACM international conference on Web search and data mining (WSDM-11)},
  pages={287--296},
  year={2011},
}

@article{blei2003latent,
  title={Latent dirichlet allocation},
  author={Blei, David M and Ng, Andrew Y and Jordan, Michael I},
  journal={The Journal of machine Learning research},
  volume={3},
  pages={993--1022},
  year={2003},
  publisher={JMLR. org}
}

@article{golub1970singular,
  title={Singular value decomposition and least squares solutions},
  author={Golub, Gene H and Reinsch, Christian},
  journal={Numerische mathematik},
  volume={14},
  number={5},
  pages={403--420},
  year={1970},
  publisher={Springer}
}

@article{schoormans1997effect,
  title={The effect of new package design on product attention, categorization and evaluation},
  author={Schoormans, Jan PL and Robben, Henry SJ},
  journal={Journal of Economic Psychology},
  volume={18},
  number={2},
  pages={271--287},
  year={1997},
  publisher={Elsevier}
}

@article{bearden1990attention,
  title={Attention to social comparison information: An individual difference factor affecting consumer conformity},
  author={Bearden, William O and Rose, Randall L},
  journal={Journal of Consumer Research},
  pages={461--471},
  year={1990},
  publisher={JSTOR}
}

@inproceedings{jain2013low,
  title={Low-rank matrix completion using alternating minimization},
  author={Jain, Prateek and Netrapalli, Praneeth and Sanghavi, Sujay},
  booktitle={Proceedings of the forty-fifth annual ACM symposium on Theory of computing},
  pages={665--674},
  year={2013},
  organization={ACM}
}

@inproceedings{hu2008collaborative,
  title={Collaborative filtering for implicit feedback datasets},
  author={Hu, Yifan and Koren, Yehuda and Volinsky, Chris},
  booktitle={Data Mining, 2008. ICDM'08. Eighth IEEE International Conference on},
  pages={263--272},
  year={2008},
  organization={IEEE}
}

@inproceedings{jamali2011transitivity,
  title={A Transitivity Aware Matrix Factorization Model for Recommendation in Social Networks},
  author={Jamali, Mohsen and Ester, Martin},
  booktitle={22nd International Joint Conference on Artificial Intelligence (IJCAI-11)},
  year={2011}
}




@article{DBLPjournalscorrTampuuMKKKAAV15,
  author    = {Ardi Tampuu and
               Tambet Matiisen and
               Dorian Kodelja and
               Ilya Kuzovkin and
               Kristjan Korjus and
               Juhan Aru and
               Jaan Aru and
               Raul Vicente},
  title     = {Multiagent Cooperation and Competition with Deep Reinforcement Learning},
  journal   = {CoRR},
  volume    = {abs/1511.08779},
  year      = {2015},
  url       = {http://arxiv.org/abs/1511.08779},
  timestamp = {Tue, 01 Dec 2015 19:22:34 +0100},
  biburl    = {http://dblp.uni-trier.de/rec/bib/journals/corr/TampuuMKKKAAV15},
  bibsource = {dblp computer science bibliography, http://dblp.org}
}

@article{mnih2015human,
  title={Human-level control through deep reinforcement learning},
  author={Mnih, Volodymyr and Kavukcuoglu, Koray and Silver, David and Rusu, Andrei A and Veness, Joel and Bellemare, Marc G and Graves, Alex and Riedmiller, Martin and Fidjeland, Andreas K and Ostrovski, Georg and others},
  journal={Nature},
  volume={518},
  number={7540},
  pages={529--533},
  year={2015},
  publisher={Nature Publishing Group}
}

@article{claus1998dynamics,
  title={The dynamics of reinforcement learning in cooperative multiagent systems},
  author={Claus, Caroline and Boutilier, Craig},
  journal={AAAI/IAAI},
  number={746},
  pages={752},
  year={1998}
}

@inproceedings{mnih2014recurrent,
  title={Recurrent models of visual attention},
  author={Mnih, Volodymyr and Heess, Nicolas and Graves, Alex and others},
  booktitle={Advances in Neural Information Processing Systems},
  pages={2204--2212},
  year={2014}
}


@article{hausknecht2015deep,
  title={Deep recurrent q-learning for partially observable mdps},
  author={Hausknecht, Matthew and Stone, Peter},
  journal={AAAI15},
  year={2015}
}


@article{sorokin2015deep,
  title={Deep Attention Recurrent Q-Network},
  author={Sorokin, Ivan and Seleznev, Alexey and Pavlov, Mikhail and Fedorov, Aleksandr and Ignateva, Anastasiia},
  journal={arXiv preprint arXiv:1512.01693},
  year={2015}
}


@inproceedings{ba2013adaptive,
	Author = {Ba, Jimmy and Frey, Brendan},
	Booktitle = {Advances in Neural Information Processing Systems},
	Date-Added = {2016-09-12 11:05:15 +0000},
	Date-Modified = {2016-09-12 11:05:15 +0000},
	Pages = {3084--3092},
	Title = {Adaptive dropout for training deep neural networks},
	Year = {2013}
}

@article{bahdanau2014neural,
	Author = {Bahdanau, Dzmitry and Cho, Kyunghyun and Bengio, Yoshua},
	Date-Added = {2016-09-12 05:46:25 +0000},
	Date-Modified = {2016-09-12 05:46:25 +0000},
	Journal = {arXiv preprint arXiv:1409.0473},
	Title = {Neural machine translation by jointly learning to align and translate},
	Year = {2014}
}
	
@article{bengio1994learning,
	Author = {Bengio, Yoshua and Simard, Patrice and Frasconi, Paolo},
	Date-Added = {2016-09-12 10:22:33 +0000},
	Date-Modified = {2016-09-12 10:22:33 +0000},
	Journal = {IEEE transactions on neural networks},
	Number = {2},
	Pages = {157--166},
	Publisher = {IEEE},
	Title = {Learning long-term dependencies with gradient descent is difficult},
	Volume = {5},
	Year = {1994}
}

@inproceedings{chorowski2015attention,
	Author = {Chorowski, Jan K and Bahdanau, Dzmitry and Serdyuk, Dmitriy and Cho, Kyunghyun and Bengio, Yoshua},
	Booktitle = {Advances in Neural Information Processing Systems},
	Date-Added = {2016-09-11 22:38:19 +0000},
	Date-Modified = {2016-09-12 05:43:15 +0000},
	Pages = {577--585},
	Title = {Attention-based models for speech recognition},
	Year = {2015}
}
	
@article{chung2015gated,
	Author = {Chung, Junyoung and G{u}l{{c}}ehre, Caglar and Cho, Kyunghyun and Bengio, Yoshua},
	Date-Added = {2016-09-11 22:29:04 +0000},
	Date-Modified = {2016-09-11 22:29:04 +0000},
	Journal = {CoRR, abs/1502.02367},
	Title = {Gated feedback recurrent neural networks},
	Year = {2015}
}

@article{denil2012learning,
	Author = {Denil, Misha and Bazzani, Loris and Larochelle, Hugo and de Freitas, Nando},
	Date-Added = {2016-09-11 22:32:13 +0000},
	Date-Modified = {2016-09-11 22:32:13 +0000},
	Journal = {Neural computation},
	Number = {8},
	Pages = {2151--2184},
	Publisher = {MIT Press},
	Title = {Learning where to attend with deep architectures for image tracking},
	Volume = {24},
	Year = {2012}
}

@article{hochreiter1997long,
	Author = {Hochreiter, Sepp and Schmidhuber, J{\"u}rgen},
	Date-Added = {2016-09-12 07:08:20 +0000},
	Date-Modified = {2016-09-12 07:08:20 +0000},
	Journal = {Neural computation},
	Number = {8},
	Pages = {1735--1780},
	Publisher = {MIT Press},
	Title = {Long short-term memory},
	Volume = {9},
	Year = {1997}
}

@article{srivastava2014dropout,
	Author = {Srivastava, Nitish and Hinton, Geoffrey E and Krizhevsky, Alex and Sutskever, Ilya and Salakhutdinov, Ruslan},
	Date-Added = {2016-09-12 11:03:00 +0000},
	Date-Modified = {2016-09-12 11:03:00 +0000},
	Journal = {Journal of Machine Learning Research},
	Number = {1},
	Pages = {1929--1958},
	Title = {Dropout: a simple way to prevent neural networks from overfitting.},
	Volume = {15},
	Year = {2014}
}

@inproceedings{tang2014learning,
	Author = {Tang, Yichuan and Srivastava, Nitish and Salakhutdinov, Ruslan R},
	Booktitle = {Advances in Neural Information Processing Systems},
	Date-Added = {2016-09-11 22:10:40 +0000},
	Date-Modified = {2016-09-11 22:10:40 +0000},
	Pages = {1808--1816},
	Title = {Learning generative models with visual attention},
	Year = {2014}
}

@article{tibshirani1996regression,
	Author = {Tibshirani, Robert},
	Date-Added = {2016-09-12 11:09:23 +0000},
	Date-Modified = {2016-09-12 11:09:23 +0000},
	Journal = {Journal of the Royal Statistical Society. Series B (Methodological)},
	Pages = {267--288},
	Publisher = {JSTOR},
	Title = {Regression shrinkage and selection via the lasso},
	Year = {1996}
}


@article{van2015deep,
	Author = {Van Hasselt, Hado and Guez, Arthur and Silver, David},
	Date-Added = {2016-09-11 22:08:40 +0000},
	Date-Modified = {2016-09-11 22:08:40 +0000},
	Journal = {CoRR, abs/1509.06461},
	Title = {Deep reinforcement learning with double Q-learning},
	Year = {2015}
}


@article{ba2014multiple,
	Author = {Ba, Jimmy and Mnih, Volodymyr and Kavukcuoglu, Koray},
	Date-Added = {2016-09-11 22:34:51 +0000},
	Date-Modified = {2016-09-11 22:34:51 +0000},
	Journal = {arXiv preprint arXiv:1412.7755},
	Title = {Multiple object recognition with visual attention},
	Year = {2014}
}


@article{hochreiter1998vanishing,
	Author = {Hochreiter, Sepp},
	Date-Added = {2016-09-12 10:25:26 +0000},
	Date-Modified = {2016-09-12 10:25:26 +0000},
	Journal = {International Journal of Uncertainty, Fuzziness and Knowledge-Based Systems},
	Number = {02},
	Pages = {107--116},
	Publisher = {World Scientific},
	Title = {The vanishing gradient problem during learning recurrent neural nets and problem solutions},
	Volume = {6},
	Year = {1998}
}


@article{cho2014learning,
	Author = {Cho, Kyunghyun and Van Merri{\"e}nboer, Bart and Gulcehre, Caglar and Bahdanau, Dzmitry and Bougares, Fethi and Schwenk, Holger and Bengio, Yoshua},
	Date-Added = {2016-09-11 22:30:21 +0000},
	Date-Modified = {2016-09-11 22:30:21 +0000},
	Journal = {arXiv preprint arXiv:1406.1078},
	Title = {Learning phrase representations using RNN encoder-decoder for statistical machine translation},
	Year = {2014}
}


@article{nair2015massively,
	Author = {Nair, Arun and Srinivasan, Praveen and Blackwell, Sam and Alcicek, Cagdas and Fearon, Rory and De Maria, Alessandro and Panneershelvam, Vedavyas and Suleyman, Mustafa and Beattie, Charles and Petersen, Stig and others},
	Date-Added = {2016-09-12 16:37:41 +0000},
	Date-Modified = {2016-09-12 16:37:41 +0000},
	Journal = {arXiv preprint arXiv:1507.04296},
	Title = {Massively parallel methods for deep reinforcement learning},
	Year = {2015}
}


@inproceedings{ba2015learning,
	Author = {Ba, Jimmy and Salakhutdinov, Ruslan R and Grosse, Roger B and Frey, Brendan J},
	Booktitle = {Advances in Neural Information Processing Systems},
	Date-Added = {2016-09-11 22:31:41 +0000},
	Date-Modified = {2016-09-11 22:31:41 +0000},
	Pages = {2593--2601},
	Title = {Learning wake-sleep recurrent attention models},
	Year = {2015}
}


@article{kahou2015ratm,
	Author = {Kahou, Samira Ebrahimi and Michalski, Vincent and Memisevic, Roland},
	Date-Added = {2016-09-11 22:37:18 +0000},
	Date-Modified = {2016-09-13 01:11:29 +0000},
	Journal = {arXiv preprint arXiv:1510.08660},
	Title = {RATM: Recurrent Attentive Tracking Model},
	Year = {2015}
}


@article{gan2015first,
	Author = {Gan, Quan and Guo, Qipeng and Zhang, Zheng and Cho, Kyunghyun},
	Date-Added = {2016-09-11 22:09:54 +0000},
	Date-Modified = {2016-09-13 01:06:13 +0000},
	Journal = {arXiv preprint arXiv:1511.06425},
	Title = {First Step toward Model-Free, Anonymous Object Tracking with Recurrent Neural Networks},
	Year = {2015}
}


@phdthesis{watkins1989learning,
	Author = {Watkins, Christopher John Cornish Hellaby},
	Date-Added = {2016-09-15 04:58:10 +0000},
	Date-Modified = {2016-09-15 05:00:19 +0000},
	School = {University of Cambridge England},
	Title = {Learning from delayed rewards},
	Year = {1989}
}


@article{lin1992self,
	Author = {Lin, Long-Ji},
	Date-Added = {2016-09-15 05:01:58 +0000},
	Date-Modified = {2016-09-15 05:02:03 +0000},
	Journal = {Machine learning},
	Number = {3-4},
	Pages = {293--321},
	Publisher = {Springer},
	Title = {Self-improving reactive agents based on reinforcement learning, planning and teaching},
	Volume = {8},
	Year = {1992}
}


@article{zahavy2016graying,
	Author = {Zahavy, Tom and Zrihem, Nir Ben and Mannor, Shie},
	Date-Added = {2016-09-11 22:38:48 +0000},
	Date-Modified = {2016-09-11 22:38:48 +0000},
	Journal = {arXiv preprint arXiv:1602.02658},
	Title = {Graying the black box: Understanding DQNs},
	Year = {2016}
}

@inproceedings{conf/icml/GoodfellowWMCB13,
  author = {Goodfellow, Ian J. and Warde-Farley, David and Mirza, Mehdi and Courville, Aaron C. and Bengio, Yoshua},
  booktitle={Proceedings of the 30th International Conference on Machine Learning (ICML-13)},
  pages = {1319-1327},
  title = {Maxout Networks.},
  year = 2013
}

@inproceedings{nair2010rectified,
  title={Rectified linear units improve restricted boltzmann machines},
  author={Nair, Vinod and Hinton, Geoffrey E},
  booktitle={Proceedings of the 27th International Conference on Machine Learning (ICML-10)},
  pages={807--814},
  year={2010}
}


@misc{atari,
  author={Atari},
  title={The 80 Classic Games in One},
  year = 2005,
  url={https://www.amazon.com/dp/B000BC3AHW/},
}
@inproceedings{mnih2016asynchronous,
  title={Asynchronous methods for deep reinforcement learning},
  author={Mnih, Volodymyr and Badia, Adria Puigdomenech and Mirza, Mehdi and Graves, Alex and Lillicrap, Timothy and Harley, Tim and Silver, David and Kavukcuoglu, Koray},
  booktitle={International Conference on Machine Learning},
  pages={1928--1937},
  year={2016}
}

@article{silver2016mastering,
  title={Mastering the game of Go with deep neural networks and tree search},
  author={Silver, David and Huang, Aja and Maddison, Chris J and Guez, Arthur and Sifre, Laurent and Van Den Driessche, George and Schrittwieser, Julian and Antonoglou, Ioannis and Panneershelvam, Veda and Lanctot, Marc and others},
  journal={Nature},
  volume={529},
  number={7587},
  pages={484--489},
  year={2016},
  publisher={Nature Research}
}

@article{lillicrap2015continuous,
  title={Continuous control with deep reinforcement learning},
  author={Lillicrap, Timothy P and Hunt, Jonathan J and Pritzel, Alexander and Heess, Nicolas and Erez, Tom and Tassa, Yuval and Silver, David and Wierstra, Daan},
  journal={arXiv preprint arXiv:1509.02971},
  year={2015}
}

@article{crites1998elevator,
  title={Elevator group control using multiple reinforcement learning agents},
  author={Crites, Robert H and Barto, Andrew G},
  journal={Machine learning},
  volume={33},
  number={2},
  pages={235--262},
  year={1998},
  publisher={Springer}
}

@article{fox2000probabilistic,
  title={A probabilistic approach to collaborative multi-robot localization},
  author={Fox, Dieter and Burgard, Wolfram and Kruppa, Hannes and Thrun, Sebastian},
  journal={Autonomous robots},
  volume={8},
  number={3},
  pages={325--344},
  year={2000},
  publisher={Springer}
}
@article{stone1998towards,
  title={Towards collaborative and adversarial learning: A case study in robotic soccer},
  author={Stone, Peter and Veloso, Manuela},
  journal={International Journal of Human-Computer Studies},
  volume={48},
  number={1},
  pages={83--104},
  year={1998},
  publisher={Elsevier}
}
@inproceedings{goodfellow2014generative,
  title={Generative adversarial nets},
  author={Goodfellow, Ian and Pouget-Abadie, Jean and Mirza, Mehdi and Xu, Bing and Warde-Farley, David and Ozair, Sherjil and Courville, Aaron and Bengio, Yoshua},
  booktitle={Advances in neural information processing systems},
  pages={2672--2680},
  year={2014}
}


@book{holt2007markets,
  title={Markets, games, \& strategic behavior},
  author={Holt, Charles A},
  year={2007},
  publisher={Pearson Addison Wesley Boston, MA}
}

@book{sutton1998reinforcement,
  title={Reinforcement learning: An introduction},
  author={Sutton, Richard S and Barto, Andrew G},
  volume={1},
  issue={1},
  year={1998},
  publisher={MIT press Cambridge}
}

@inproceedings{bonomi2012fog,
  title={Fog computing and its role in the internet of things},
  author={Bonomi, Flavio and Milito, Rodolfo and Zhu, Jiang and Addepalli, Sateesh},
  booktitle={Proceedings of the first edition of the MCC workshop on Mobile cloud computing},
  pages={13--16},
  year={2012},
  organization={ACM}
}
@article{ihrie2011lake,
  title={Lake-front property: a unique germinal niche by the lateral ventricles of the adult brain},
  author={Ihrie, Rebecca A and {\'A}lvarez-Buylla, Arturo},
  journal={Neuron},
  volume={70},
  number={4},
  pages={674--686},
  year={2011},
  publisher={Elsevier}
}

@article{almeida2005neuroprotection,
  title={Neuroprotection by BDNF against glutamate-induced apoptotic cell death is mediated by ERK and PI3-kinase pathways},
  author={Almeida, RD and Manadas, BJ and Melo, CV and Gomes, JR and Mendes, CS and Graos, MM and Carvalho, RF and Carvalho, AP and Duarte, CB},
  journal={Cell death and differentiation},
  volume={12},
  number={10},
  pages={1329},
  year={2005},
  publisher={Nature Publishing Group}
}

@inproceedings{agogino2006quicr,
 author = {Agogino, Adrian K. and Tumer, Kagan},
 title = {QUICR-learning for Multi-agent Coordination},
 booktitle = {Proceedings of the 21st National Conference on Artificial Intelligence - Volume 2},
 series = {AAAI'06},
 year = {2006},
 isbn = {978-1-57735-281-5},
 location = {Boston, Massachusetts},
 pages = {1438--1443},
 numpages = {6},
 url = {http://dl.acm.org/citation.cfm?id=1597348.1597417},
 acmid = {1597417},
 publisher = {AAAI Press},
} 

@book{edelman1987neural,
  title={Neural Darwinism: The theory of neuronal group selection.},
  author={Edelman, Gerald M},
  year={1987},
  publisher={Basic books}
}

@inproceedings{xu2015show,
  title={Show, attend and tell: Neural image caption generation with visual attention},
  author={Xu, Kelvin and Ba, Jimmy and Kiros, Ryan and Cho, Kyunghyun and Courville, Aaron and Salakhudinov, Ruslan and Zemel, Rich and Bengio, Yoshua},
  booktitle={International Conference on Machine Learning},
  pages={2048--2057},
  year={2015}
}

@article{dosovitskiy2016learning,
  title={Learning to act by predicting the future},
  author={Dosovitskiy, Alexey and Koltun, Vladlen},
  journal={arXiv preprint arXiv:1611.01779},
  year={2016}
}

@article{wang2015dueling,
  title={Dueling network architectures for deep reinforcement learning},
  author={Wang, Ziyu and Schaul, Tom and Hessel, Matteo and Van Hasselt, Hado and Lanctot, Marc and De Freitas, Nando},
  journal={arXiv preprint arXiv:1511.06581},
  year={2015}
}

@article{sorokin2015deep,
  title={Deep attention recurrent Q-network},
  author={Sorokin, Ivan and Seleznev, Alexey and Pavlov, Mikhail and Fedorov, Aleksandr and Ignateva, Anastasiia},
  journal={arXiv preprint arXiv:1512.01693},
  year={2015}
}

@article{foerster2017counterfactual,
  title={Counterfactual Multi-Agent Policy Gradients},
  author={Foerster, Jakob and Farquhar, Gregory and Afouras, Triantafyllos and Nardelli, Nantas and Whiteson, Shimon},
  journal={arXiv preprint arXiv:1705.08926},
  year={2017}
}
